<?xml version="1.0" encoding="UTF-8"?><collection xmlns="http://www.loc.gov/MARC21/slim"><record><leader>00444nam--2200157-i-4500</leader><controlfield tag="001">000039129</controlfield><controlfield tag="002">20161230</controlfield><controlfield tag="005">20161230201042</controlfield><controlfield tag="008">060222s1000------------r-----000-0-eng-d</controlfield><datafield ind1=" " ind2=" " tag="040"><subfield code="a">IFIN-HH</subfield></datafield><datafield ind1=" " ind2=" " tag="080"><subfield code="a">518.2:514.1:517.564:517.6(083.3)</subfield></datafield><datafield ind1=" " ind2=" " tag="100"><subfield code="a">R Ijic,I.M. Si Gradstein,I.S</subfield></datafield><datafield ind1=" " ind2=" " tag="245"><subfield code="a">Tabele de integrale, sume, serii si produse</subfield></datafield><datafield ind1=" " ind2=" " tag="260"><subfield code="a">BUCURESTI, ED.TEHNICA, 1955. 466 p</subfield></datafield><datafield ind1=" " ind2=" " tag="852"><subfield code="a">4046</subfield><subfield code="c">518.2</subfield></datafield><datafield ind1=" " ind2=" " tag="CAT"><subfield code="a">Sys</subfield><subfield code="c">20090709</subfield><subfield code="h">084323</subfield></datafield></record></collection>